<collection xmlns="http://www.loc.gov/MARC21/slim">
   <record>
      <leader>02011cam a2200445 i 4500</leader>
      <controlfield tag="001">6697697</controlfield>
      <controlfield tag="003">OCoLC</controlfield>
      <controlfield tag="005">20140904161735.0</controlfield>
      <controlfield tag="008">130801t20152015ctu      b    001 0 eng d</controlfield>
      <datafield ind1=" " ind2=" " tag="020">
         <subfield code="a">9781111313784</subfield>
      </datafield>
      <datafield ind1=" " ind2=" " tag="020">
         <subfield code="a">1111313784</subfield>
      </datafield>
      <datafield ind1=" " ind2=" " tag="020">
         <subfield code="a">9781285175539</subfield>
      </datafield>
      <datafield ind1=" " ind2=" " tag="020">
         <subfield code="a">1285175530</subfield>
      </datafield>
      <datafield ind1=" " ind2=" " tag="035">
         <subfield code="a">ocn891411719</subfield>
      </datafield>
      <datafield ind1=" " ind2=" " tag="040">
         <subfield code="a">YDXCP</subfield>
         <subfield code="b">eng</subfield>
         <subfield code="e">rda</subfield>
         <subfield code="c">YDXCP</subfield>
         <subfield code="d">BTCTA</subfield>
         <subfield code="d">NEH</subfield>
         <subfield code="d">IAD</subfield>
         <subfield code="d">OCLCO</subfield>
         <subfield code="d">LTSCA</subfield>
         <subfield code="d">OCLCF</subfield>
         <subfield code="d">UAB</subfield>
      </datafield>
      <datafield ind1="1" ind2="4" tag="050">
         <subfield code="a">RC424.7</subfield>
         <subfield code="b">B54 2015</subfield>
      </datafield>
      <datafield ind1="1" ind2="4" tag="060">
         <subfield code="a">WM 34</subfield>
      </datafield>
      <datafield ind1="0" ind2="4" tag="082">
         <subfield code="a">616.85/5</subfield>
         <subfield code="2">23</subfield>
      </datafield>
      <datafield ind1=" " ind2=" " tag="090">
         <subfield code="a">RC 424.7 B54 2015</subfield>
         <subfield code="b">AEU</subfield>
      </datafield>
      <datafield ind1="1" ind2=" " tag="100">
         <subfield code="a">Bleile, Ken Mitchell,</subfield>
         <subfield code="e">author.</subfield>
         <subfield code="0">http://id.loc.gov/authorities/names/n88675609</subfield>
         <subfield code="0">http://viaf.org/viaf/278848553</subfield>
      </datafield>
      <datafield ind1="1" ind2="0" tag="240">
         <subfield code="a">Manual of articulation and phonological disorders</subfield>
      </datafield>
      <datafield ind1="1" ind2="4" tag="245">
         <subfield code="a">The manual of speech sound disorders :</subfield>
         <subfield code="b">a book for students and clinicians /</subfield>
         <subfield code="c">Ken M. Bleile.</subfield>
      </datafield>
      <datafield ind1="3" ind2="0" tag="246">
         <subfield code="a">Speech sound disorders</subfield>
      </datafield>
      <datafield ind1=" " ind2=" " tag="250">
         <subfield code="a">Third edition.</subfield>
      </datafield>
      <datafield ind1=" " ind2="1" tag="264">
         <subfield code="a">Stamford, CT :</subfield>
         <subfield code="b">Cengage Learning,</subfield>
         <subfield code="c">[2015]</subfield>
      </datafield>
      <datafield ind1=" " ind2="4" tag="264">
         <subfield code="c">©2015</subfield>
      </datafield>
      <datafield ind1=" " ind2=" " tag="300">
         <subfield code="a">xii, 451 pages ;</subfield>
         <subfield code="c">24 cm +</subfield>
         <subfield code="e">1 CD (4 3/4 in.)</subfield>
      </datafield>
      <datafield ind1=" " ind2=" " tag="336">
         <subfield code="a">text</subfield>
         <subfield code="b">txt</subfield>
         <subfield code="2">rdacontent</subfield>
         <subfield code="0">http://id.loc.gov/vocabulary/contentTypes/txt</subfield>
      </datafield>
      <datafield ind1=" " ind2=" " tag="337">
         <subfield code="a">unmediated</subfield>
         <subfield code="b">n</subfield>
         <subfield code="2">rdamedia</subfield>
         <subfield code="0">http://id.loc.gov/vocabulary/mediaTypes/n</subfield>
      </datafield>
      <datafield ind1=" " ind2=" " tag="338">
         <subfield code="a">volume</subfield>
         <subfield code="b">nc</subfield>
         <subfield code="2">rdacarrier</subfield>
         <subfield code="0">http://id.loc.gov/vocabulary/carriers/nc</subfield>
      </datafield>
      <datafield ind1=" " ind2=" " tag="500">
         <subfield code="a">Revision of: Manual of articulation and phonological disorders : infancy through adulthood.</subfield>
      </datafield>
      <datafield ind1=" " ind2=" " tag="504">
         <subfield code="a">Includes bibliographical references and index.</subfield>
      </datafield>
      <datafield ind1=" " ind2=" " tag="596">
         <subfield code="a">42</subfield>
      </datafield>
      <datafield ind1="1" ind2="2" tag="650">
         <subfield code="a">Articulation Disorders</subfield>
         <subfield code="x">diagnosis</subfield>
         <subfield code="v">Handbook.</subfield>
      </datafield>
      <datafield ind1=" " ind2="0" tag="650">
         <subfield code="a">Articulation disorders.</subfield>
         <subfield code="0">http://id.loc.gov/authorities/subjects/sh85008159</subfield>
      </datafield>
      <datafield ind1=" " ind2="0" tag="650">
         <subfield code="a">Voice disorders.</subfield>
         <subfield code="0">http://id.loc.gov/authorities/subjects/sh85144231</subfield>
      </datafield>
      <datafield ind1=" " ind2=" " tag="758">
         <subfield code="0">http://worldcat.org/entity/work/id/23605313</subfield>
      </datafield>
      <datafield ind1="0" ind2=" " tag="787">
         <subfield code="n">OCLC Work Id</subfield>
         <subfield code="o">http://worldcat.org/entity/work/id/23605313</subfield>
      </datafield>
      <datafield ind1=" " ind2=" " tag="949">
         <subfield code="a">RC 424.7 B54 2015</subfield>
         <subfield code="c">1</subfield>
         <subfield code="h">UAHL-B</subfield>
         <subfield code="i">0162035155793</subfield>
      </datafield>
      <datafield ind1=" " ind2=" " tag="926">
         <subfield code="a">RC 424.7 B54 2015</subfield>
         <subfield code="w">LC</subfield>
         <subfield code="c">1</subfield>
         <subfield code="i">0162035155793</subfield>
         <subfield code="d">10/31/2016</subfield>
         <subfield code="e">10/21/2016</subfield>
         <subfield code="l">ON_SHELF</subfield>
         <subfield code="m">UAHLTHSC</subfield>
         <subfield code="n">2</subfield>
         <subfield code="p">$150.00</subfield>
         <subfield code="r">Y</subfield>
         <subfield code="s">Y</subfield>
         <subfield code="t">BOOK</subfield>
         <subfield code="u">9/25/2014</subfield>
      </datafield>
   </record>
</collection>
